<record><leader>00000cas a22000007a 4500</leader><controlfield tag="001">61884516</controlfield><controlfield tag="008">051010c20029999ncuwr n       0   a0eng c</controlfield><datafield ind1=" " ind2=" " tag="010"><subfield code="a">  2008212445</subfield></datafield><datafield ind1=" " ind2=" " tag="040"><subfield code="a">NXW</subfield><subfield code="b">eng</subfield><subfield code="c">NXW</subfield><subfield code="d">NSD</subfield><subfield code="d">OCLCQ</subfield><subfield code="d">OCLCF</subfield><subfield code="d">OCLCO</subfield></datafield><datafield ind1=" " ind2=" " tag="012"><subfield code="l">1</subfield></datafield><datafield ind1="0" ind2=" " tag="022"><subfield code="a">1937-9994</subfield><subfield code="l">1937-9994</subfield><subfield code="2">1</subfield></datafield><datafield ind1=" " ind2=" " tag="037"><subfield code="b">Workin4u Inc., POB 1110, Wrightsville Beach, NC</subfield></datafield><datafield ind1=" " ind2=" " tag="042"><subfield code="a">nsdp</subfield><subfield code="a">pcc</subfield></datafield><datafield ind1=" " ind2=" " tag="043"><subfield code="a">n-us-nc</subfield></datafield><datafield ind1="1" ind2="0" tag="050"><subfield code="a">ISSN RECORD</subfield></datafield><datafield ind1="1" ind2="0" tag="082"><subfield code="a">070.1</subfield><subfield code="2">14</subfield></datafield><datafield ind1=" " ind2="0" tag="222"><subfield code="a">Lumina news</subfield></datafield><datafield ind1="0" ind2="0" tag="245"><subfield code="a">Lumina news :</subfield><subfield code="b">Wrightsville's newspaper since May 2002.</subfield></datafield><datafield ind1="3" ind2=" " tag="246"><subfield code="a">Lumina</subfield></datafield><datafield ind1=" " ind2=" " tag="260"><subfield code="a">Wrightsville Beach, NC :</subfield><subfield code="b">Workin4u Inc.</subfield></datafield><datafield ind1=" " ind2=" " tag="300"><subfield code="a">v.</subfield></datafield><datafield ind1=" " ind2=" " tag="310"><subfield code="a">Weekly</subfield></datafield><datafield ind1="1" ind2=" " tag="362"><subfield code="a">Began with May 2002.</subfield></datafield><datafield ind1=" " ind2=" " tag="500"><subfield code="a">Subtitle varies.</subfield></datafield><datafield ind1=" " ind2=" " tag="588"><subfield code="a">Description based on: Vol. 4, no. 29 (July 2005); title from caption.</subfield></datafield><datafield ind1=" " ind2=" " tag="588"><subfield code="a">Latest issue consulted: Vol. 6, issue 46 (Nov. 15-21, 2007).</subfield></datafield><datafield ind1=" " ind2="0" tag="651"><subfield code="a">Wrightsville Beach (N.C.)</subfield><subfield code="v">Newspapers.</subfield></datafield><datafield ind1=" " ind2="0" tag="651"><subfield code="a">Wrightsville Beach (N.C.)</subfield><subfield code="v">Periodicals.</subfield></datafield><datafield ind1=" " ind2="7" tag="655"><subfield code="a">Newspapers.</subfield><subfield code="2">fast</subfield><subfield code="0">(OCoLC)fst01423814</subfield></datafield><datafield ind1=" " ind2="7" tag="655"><subfield code="a">Periodicals.</subfield><subfield code="2">fast</subfield><subfield code="0">(OCoLC)fst01411641</subfield></datafield><datafield ind1=" " ind2="7" tag="651"><subfield code="a">North Carolina</subfield><subfield code="z">Wrightsville Beach.</subfield><subfield code="2">fast</subfield><subfield code="0">(OCoLC)fst01222234</subfield></datafield><datafield ind1="0" ind2="8" tag="776"><subfield code="i">Online version:</subfield><subfield code="t">Lumina news (Online)</subfield><subfield code="x">1938-0003</subfield><subfield code="w">(DLC)  2008212437</subfield></datafield><datafield ind1="4" ind2="1" tag="856"><subfield code="u">http://www.luminanews.com</subfield></datafield></record>